<record><leader>00000cas a2200000 a 4500</leader><controlfield tag="001">9590932</controlfield><controlfield tag="008">830609d18881907kyuwr ne      0   a0eng d</controlfield><datafield ind1=" " ind2=" " tag="010"><subfield code="a">sn 83025556 </subfield></datafield><datafield ind1=" " ind2=" " tag="040"><subfield code="a">NPV</subfield><subfield code="b">eng</subfield><subfield code="c">NPV</subfield><subfield code="d">KNP</subfield><subfield code="d">OCL</subfield><subfield code="d">OCLCQ</subfield></datafield><datafield ind1=" " ind2=" " tag="042"><subfield code="a">msc</subfield></datafield><datafield ind1=" " ind2=" " tag="043"><subfield code="a">n-us-ky</subfield></datafield><datafield ind1=" " ind2=" " tag="045"><subfield code="a">w8x0</subfield></datafield><datafield ind1=" " ind2=" " tag="052"><subfield code="a">3953</subfield><subfield code="b">B73</subfield></datafield><datafield ind1="0" ind2="0" tag="245"><subfield code="a">Jackson hustler.</subfield></datafield><datafield ind1=" " ind2=" " tag="260"><subfield code="a">Jackson, Ky. :</subfield><subfield code="b">John Jay Dickey</subfield></datafield><datafield ind1=" " ind2=" " tag="300"><subfield code="a">v. :</subfield><subfield code="b">ill. (chiefly adv.) ;</subfield><subfield code="c">56 cm.</subfield></datafield><datafield ind1=" " ind2=" " tag="310"><subfield code="a">Weekly</subfield></datafield><datafield ind1="1" ind2=" " tag="362"><subfield code="a">Began in 1888; ceased in 1907.</subfield><subfield code="z">Cf. Gregory. Amer. newspapers.</subfield></datafield><datafield ind1=" " ind2=" " tag="500"><subfield code="a">"Democratic." Cf. Ayer, 1900.</subfield></datafield><datafield ind1=" " ind2=" " tag="588"><subfield code="a">Description based on: Vol. 3, no. 14 (Apr. 3, 1891).</subfield></datafield><datafield ind1=" " ind2="4" tag="651"><subfield code="a">Breathitt County (Ky.)</subfield><subfield code="v">Newspapers.</subfield></datafield><datafield ind1=" " ind2="4" tag="651"><subfield code="a">Jackson (Ky.)</subfield><subfield code="v">Newspapers.</subfield></datafield><datafield ind1=" " ind2=" " tag="752"><subfield code="a">United States</subfield><subfield code="b">Kentucky</subfield><subfield code="c">Breathitt</subfield><subfield code="d">Jackson.</subfield></datafield><datafield ind1="1" ind2=" " tag="029"><subfield code="a">AU@</subfield><subfield code="b">000025815571</subfield></datafield></record>